% This file was created with JabRef 2.10.
% Encoding: UTF-8


@Article{salverda2010fluorescent,
  Title                    = {Fluorescent cyclic voltammetry of immobilized azurin: direct observation of thermodynamic and kinetic heterogeneity.},
  Author                   = {Salverda, Jante M and Patil, Amol V and Mizzon, Giulia and Kuznetsova, Sofya and Zauner, Gerhild and Akkilic, Namik and Canters, Gerard W and Davis, Jason J and Heering, Hendrik A and Aartsma, Thijs J},
  Journal                  = {Angewandte Chemie (International ed. in English)},
  Year                     = {2010},

  Month                    = {10},
  Number                   = {33},
  Pages                    = {5776--9},
  Volume                   = {49},

  Abstract                 = {... energy acceptor and an externally linked dye label is the fluorescent donor ... Figure 1. Cyclicvoltammogram (black) and successive epifluorescent cyclic voltammograms (gray) of Cy5-labeled
wt ... same behavior as that for the peak separation in cyclic voltammetry (CV) experiments ... 
},
  Doi                      = {10.1002/anie.201001298},
  ISSN                     = {1521-3773},
  Owner                    = {biswajit},
  Pmid                     = {20629001},
  Timestamp                = {2017.06.28},
  Url                      = {http://dx.doi.org/10.1002/anie.201001298}
}

